@inproceedings{icml13,
  author    = {Ilya Sutskever and
               James Martens and
               George E. Dahl and
               Geoffrey E. Hinton},
  title     = {On the importance of initialization and momentum in deep learning},
  booktitle = {Proceedings of the 30th International Conference on Machine Learning,
               {ICML} 2013, Atlanta, GA, USA, 16-21 June 2013},
  pages     = {1139--1147},
  year      = {2013},
  crossref  = {DBLP:conf/icml/2013},
  url       = {http://jmlr.org/proceedings/papers/v28/sutskever13.html},
  timestamp = {Tue, 12 Jul 2016 21:51:14 +0200},
  biburl    = {http://dblp.uni-trier.de/rec/bib/conf/icml/SutskeverMDH13},
  bibsource = {dblp computer science bibliography, http://dblp.org}
}

@article{polyak,
	author={B.T. Polyak},
	pages={1-17},
	title={Some methods of speeding up the convergence of iteration methods},
	journal={USSR Computational Mathematics and Mathematical Physics},
	volume=4,
	number=5,
	year=1964,
}

@inproceedings{nesterov,
	title={A method of solving a convex programming problem with convergence rate O (1/k2)},
	author={Nesterov, Yurii},
	booktitle={Soviet Mathematics Doklady},
	volume={27},
	number={2},
	pages={372--376},
	year={1983}
}

@article{ERdataset,
	title={Evaluation of entity resolution approaches on real-world match problems},
	author={K{\"o}pcke, Hanna and Thor, Andreas and Rahm, Erhard},
	journal={Proceedings of the VLDB Endowment},
	volume={3},
	number={1-2},
	pages={484--493},
	year={2010},
	publisher={VLDB Endowment}
}